<record><leader>00000cas a22000007a 4500</leader><controlfield tag="001">11654912</controlfield><controlfield tag="008">850204d17951795njuwr ne      0    0eng d</controlfield><datafield ind1=" " ind2=" " tag="010"><subfield code="a">sn 85025317 </subfield></datafield><datafield ind1=" " ind2=" " tag="040"><subfield code="a">NPX</subfield><subfield code="b">eng</subfield><subfield code="c">NPX</subfield><subfield code="d">NPA</subfield><subfield code="d">MGN</subfield><subfield code="d">OCLCQ</subfield><subfield code="d">OCLCG</subfield><subfield code="d">OCLCQ</subfield></datafield><datafield ind1=" " ind2=" " tag="042"><subfield code="a">msc</subfield></datafield><datafield ind1="0" ind2="4" tag="245"><subfield code="a">The New-Jersey Federalist.</subfield></datafield><datafield ind1=" " ind2=" " tag="260"><subfield code="a">New-Brunswick [N.J.] :</subfield><subfield code="b">Printed by George F. Hopkins</subfield></datafield><datafield ind1=" " ind2=" " tag="300"><subfield code="a">v.</subfield></datafield><datafield ind1=" " ind2=" " tag="310"><subfield code="a">Weekly</subfield></datafield><datafield ind1="0" ind2=" " tag="362"><subfield code="a">Vol. 2, no. 71 (Mar. 12, 1795)-</subfield></datafield><datafield ind1="1" ind2=" " tag="362"><subfield code="a">Ceased June 4, 1795?</subfield></datafield><datafield ind1="1" ind2=" " tag="700"><subfield code="a">Hopkins, George F.</subfield><subfield code="q">(George Folliet),</subfield><subfield code="d">1769-1848.</subfield></datafield><datafield ind1=" " ind2=" " tag="752"><subfield code="a">United States</subfield><subfield code="b">New Jersey</subfield><subfield code="c">Middlesex</subfield><subfield code="d">New Brunswick.</subfield></datafield><datafield ind1="0" ind2="0" tag="780"><subfield code="t">Arnett's New-Jersey Federalist</subfield><subfield code="w">(DLC)sn 85035931</subfield></datafield><datafield ind1="0" ind2="0" tag="785"><subfield code="t">Genius of liberty, &amp; New-Brunswick advertiser</subfield><subfield code="w">(DLC)sn 85025318</subfield></datafield><datafield ind1="1" ind2=" " tag="029"><subfield code="a">AU@</subfield><subfield code="b">000025818839</subfield></datafield></record>